@Misc{Vanhanen2015,
author="Vanhanen, Tatu",
title="Polyarchy",
year="2015",
publisher="IISH Dataverse",
url="http://hdl.handle.net/10622/OS5A57"
}

