@Misc{Bosch2015,
author="Bosch, Reinoud
and van den Bos, Koen",
title="Exchange Rates to UK Pound",
year="2015",
publisher="IISH Dataverse",
url="http://hdl.handle.net/10622/N6BLB8"
}

