@Misc{Vanhanen2015,
author="Vanhanen, Tatu",
title="Political Competition",
year="2015",
publisher="IISH Dataverse",
url="http://hdl.handle.net/10622/4ZDPWP"
}

