@Misc{Bolt2015,
author="Bolt, Jutta
and van Zanden, Jan Luiten",
title="GDP per Capita",
year="2015",
publisher="IISH Dataverse",
url="http://hdl.handle.net/10622/8FCYOX"
}

