@Misc{KleinGoldewijk2015,
author="Klein Goldewijk, Kees",
title="SO2 Emissions per Capita",
year="2015",
publisher="IISH Dataverse",
url="http://hdl.handle.net/10622/IRT0YU"
}

