@Misc{Armingeon2015,
author="Armingeon, Klaus
and Weisstanner, David
and Engler, Sarah
and Potolidis, Panajotis
and Gerber, Marlene",
title="Share of Women in Parliament",
year="2015",
publisher="IISH Dataverse",
url="http://hdl.handle.net/10622/NMYPT2"
}

