@Misc{Baten2015,
author="Baten, Joerg",
title="Gender Equality of Numeracy",
year="2015",
publisher="IISH Dataverse",
url="http://hdl.handle.net/10622/T2BLXB"
}

