@Misc{KleinGoldewijk2015,
author="Klein Goldewijk, Kees",
title="Total Number of Pigs",
year="2015",
publisher="IISH Dataverse",
url="http://hdl.handle.net/10622/FHU70A"
}

