@Misc{RibeirodaSilva2015,
author="Ribeiro da Silva, Filipa",
title="Male life Expectancy at Birth",
year="2015",
publisher="IISH Dataverse",
url="http://hdl.handle.net/10622/K879JA"
}

