@Misc{Vanhanen2015,
author="Vanhanen, Tatu",
title="Political Participation",
year="2015",
publisher="IISH Dataverse",
url="http://hdl.handle.net/10622/UOKWUF"
}

