@misc{Moatsos2024,
author = {Moatsos, Michail},
publisher = {IISH Data Collection},
title = {{Global Hunger}},
year = {2024},
version = {V1},
doi = {10622/4DUCFB},
url = {https://hdl.handle.net/10622/4DUCFB}
}
