@Misc{Reinhart2015,
author="Reinhart, Carmen M.
and Rogoff, Kenneth S.",
title="Gold Standard",
year="2015",
publisher="IISH Dataverse",
url="http://hdl.handle.net/10622/MX7AIJ"
}

