@Misc{Verriet2015,
author="Verriet, Jon
and Bosch, Reinoud",
title="Total Gross Central Government Debt as a Percentage of GDP",
year="2015",
publisher="IISH Dataverse",
url="http://hdl.handle.net/10622/YXFPRL"
}

