@Misc{Baten2015,
author="Baten, Joerg
and Blum, Mathias",
title="Infant Mortality",
year="2015",
publisher="IISH Dataverse",
url="http://hdl.handle.net/10622/H83HEV"
}

