@Misc{U8ZDOM_2021,
author = {Alfani, Guido and Schifano, Sonia},
publisher = {IISH Data Collection},
title = {{Wealth Total}},
year = {2021},
version = {V1},
doi = {10622/U8ZDOM},
url = {https://hdl.handle.net/10622/U8ZDOM}
}

