@Misc{Marshall2015,
author="Marshall, M. G.
and Gurr, T. R.
and Jaggers, K.",
title="Regulation of Chief Executive Recruitment (XRREG)",
year="2015",
publisher="IISH Dataverse",
url="http://hdl.handle.net/10622/IHPUXP"
}

