@Misc{vanLeeuwen2015,
author="van Leeuwen, Bas
and van Leeuwen-Li, Jieli",
title="Educational Inequality Gini Coefficient",
year="2015",
publisher="IISH Dataverse",
url="http://hdl.handle.net/10622/KORKQW"
}

