@Misc{CP5NDW_2021,
author = {Peter Lindert},
publisher = {IISH Data Collection},
title = {{Social Spending}},
year = {2021},
version = {V1},
doi = {10622/CP5NDW},
url = {https://hdl.handle.net/10622/CP5NDW}
}

