@Misc{KleinGoldewijk2015,
author="Klein Goldewijk, Kees",
title="Total Number of Sheep",
year="2015",
publisher="IISH Dataverse",
url="http://hdl.handle.net/10622/W7GOD6"
}

