@Misc{vanLeeuwen2015,
author="van Leeuwen, Bas
and van Leeuwen-Li, Jieli",
title="Average Years of Education",
year="2015",
publisher="IISH Dataverse",
url="http://hdl.handle.net/10622/KCBMKI"
}

