@Misc{Foldvari2015,
author="Foldvari, Peter",
title="Universities Founded",
year="2015",
publisher="IISH Dataverse",
url="http://hdl.handle.net/10622/KVRJPW"
}

