@Misc{KleinGoldewijk2015,
author="Klein Goldewijk, Kees
and Fink-Jensen, Jonathan",
title="Copper Production",
year="2015",
publisher="IISH Dataverse",
url="http://hdl.handle.net/10622/GI7D06"
}

