@Misc{Fink-Jensen2015,
author="Fink-Jensen, Jonathan",
title="Book Titles per Capita",
year="2015",
publisher="IISH Dataverse",
url="http://hdl.handle.net/10622/AOQMAZ"
}

