@Misc{Moatsos2021,
author="Moatsos, Michail",
title="Global Extreme Poverty Dollar a Day",
year="2021",
edition="V1",
publisher="IISH Data Collection",
keywords="Poverty",
url="https://hdl.handle.net/10622/BFYMIJ"
}

