@Misc{KleinGoldewijk2015,
author="Klein Goldewijk, Kees
and Fink-Jensen, Jonathan",
title="Silver Production",
year="2015",
publisher="IISH Dataverse",
url="http://hdl.handle.net/10622/OX6FCP"
}

