@Misc{deZwart2015,
author="de Zwart, Pim
and van Leeuwen, Bas
and van Leeuwen-Li, Jieli",
title="Labourers Real Wage",
year="2015",
publisher="IISH Dataverse",
url="http://hdl.handle.net/10622/QK8VRF"
}

