@Misc{SZ4A1H_2021,
author = {Gilmore, Ois√≠n},
publisher = {IISH Data Collection},
title = {{The working week in manufacturing since 1820}},
UNF = {UNF:6:Zqh4+uGx03IvDmjICOPxFA==},
year = {2021},
version = {V1},
doi = {10622/SZ4A1H},
url = {https://hdl.handle.net/10622/SZ4A1H}
}

