@Misc{Brecke2015,
author="Brecke, Peter",
title="Armed conflicts (Internal)",
year="2015",
publisher="IISH Dataverse",
url="http://hdl.handle.net/10622/ORW1HI"
}

