@Misc{vanderVelden2015,
author="van der Velden, Sjaak",
title="Number of Workers Involved in Labour Disputes",
year="2015",
publisher="IISH Dataverse",
url="http://hdl.handle.net/10622/M0PI4D"
}

