@Misc{Carmichael2015,
author="Carmichael, Sarah
and Dilli, Selin
and Rijpma, Auke",
title="Gender Equality Years of Education",
year="2015",
publisher="IISH Dataverse",
url="http://hdl.handle.net/10622/OTHFUK"
}

