@Misc{GQGKRH_2021,
author = {Alfani, Guido and Schifano, Sonia},
publisher = {IISH Data Collection},
title = {{Wealth Yearly Ginis}},
year = {2021},
version = {V1},
doi = {10622/GQGKRH},
url = {https://hdl.handle.net/10622/GQGKRH}
}

