@Misc{Moatsos2015,
author="Moatsos, Michalis
and van Zanden, Jan Luiten
and Baten, Joerg
and Foldvari, Peter
and van Leeuwen, Bas",
title="Income Inequality",
year="2015",
publisher="IISH Dataverse",
url="http://hdl.handle.net/10622/6OHMDS"
}

