@Misc{Moatsos2021,
author="Moatsos, Michail",
title="Global Extreme Poverty Cost of Basic Needs",
year="2021",
edition="V1",
publisher="IISH Data Collection",
url="https://hdl.handle.net/10622/VQDCQU"
}

