@Misc{Bosch2015,
author="Bosch, Reinoud",
title="Exchange Rates to US Dollar",
year="2015",
publisher="IISH Dataverse",
url="http://hdl.handle.net/10622/KC0ZHV"
}

