@Misc{Melton2015,
author="Melton, James
and Meserve, Stephen
and Pemstein, Daniel",
title="Unifid Democracy Scores (UDS)",
year="2015",
publisher="IISH Dataverse",
url="http://hdl.handle.net/10622/Y9G2ZV"
}

