@Misc{BI8EQU_2021,
author = {Guido, Alfani and Schifano, Sonia},
publisher = {IISH Data Collection},
title = {{Wealth Top10 percent share}},
year = {2021},
version = {V1},
doi = {10622/BI8EQU},
url = {https://hdl.handle.net/10622/BI8EQU}
}

