@Misc{1NO6GS_2021,
author = {Guido Alfani and Sonia Schifano},
publisher = {IISH Data Collection},
title = {{Wealth Decadal Ginis}},
year = {2021},
version = {V1},
doi = {10622/1NO6GS},
url = {https://hdl.handle.net/10622/1NO6GS}
}

