@Misc{Zijdeman2015,
author="Zijdeman, Richard
and Ribeira da Silva, Filipa",
title="Life Expectancy at Birth (Total)",
year="2015",
publisher="IISH Dataverse",
url="http://hdl.handle.net/10622/LKYT53"
}

