@Misc{Foldvari2015,
author="Foldvari, Peter",
title="Latent Democracy Variable",
year="2015",
publisher="IISH Dataverse",
url="http://hdl.handle.net/10622/XYJ2H2"
}

