@Misc{Carmichael2015,
author="Carmichael, Sarah
and Dilli, Selin
and Rijpma, Auke",
title="Sex Ratio",
year="2015",
publisher="IISH Dataverse",
url="http://hdl.handle.net/10622/RVRFKS"
}

