@Misc{Fink-Jensen2015,
author="Fink-Jensen, Jonathan",
title="Homicide Rates",
year="2015",
publisher="IISH Dataverse",
url="http://hdl.handle.net/10622/FMI6L9"
}

