@Misc{deZwart2015,
author="de Zwart, Pim",
title="Inflation",
year="2015",
publisher="IISH Dataverse",
url="http://hdl.handle.net/10622/UJ3H1Q"
}

