@Misc{vanderVelden2015,
author="van der Velden, Sjaak",
title="Number of Days Lost in Labour Disputes",
year="2015",
publisher="IISH Dataverse",
url="http://hdl.handle.net/10622/NJ9PTI"
}

