@Misc{KleinGoldewijk2015,
author="Klein Goldewijk, Kees",
title="CO2 Emissions per Capita",
year="2015",
publisher="IISH Dataverse",
url="http://hdl.handle.net/10622/DG654S"
}

