@Misc{Marshall2015,
author="Marshall, M. G.
and Gurr, T. R.
and Jaggers, K.",
title="Competitiveness of Participations (PARCOMP)",
year="2015",
publisher="IISH Dataverse",
url="http://hdl.handle.net/10622/9J8MJG"
}

