@Misc{Fink-Jensen2015,
author="Fink-Jensen, Jonathan",
title="Total Population",
year="2015",
publisher="IISH Dataverse",
url="http://hdl.handle.net/10622/SNETZV"
}

