@Misc{Carmichael2015,
author="Carmichael, Sarah
and Dilli, Selin
and Rijpma, Auke",
title="Gender-equal Inheritance",
year="2015",
publisher="IISH Dataverse",
url="http://hdl.handle.net/10622/Z5HDBU"
}

