@Misc{Brecke2015,
author="Brecke, Peter",
title="Armed Conflicts (International)",
year="2015",
publisher="IISH Dataverse",
url="http://hdl.handle.net/10622/JQJIP6"
}

