@Misc{RibeirodaSilva2015,
author="Ribeiro da Silva, Filipa",
title="Female life expectancy at Birth",
year="2015",
publisher="IISH Dataverse",
url="http://hdl.handle.net/10622/G5L8IO"
}

