@Misc{vanderVelden2015,
author="van der Velden, Sjaak",
title="Number of Labour Disputes",
year="2015",
publisher="IISH Dataverse",
url="http://hdl.handle.net/10622/H4C6B7"
}

