@Misc{Baten2015,
author="Baten, Joerg",
title="Numeracy (Total)",
year="2015",
publisher="IISH Dataverse",
url="http://hdl.handle.net/10622/GEQKCG"
}

