@Misc{Marshall2015,
author="Marshall, M. G.
and Jaggers, K.
and Gurr, T. R.",
title="Polity2 Index",
year="2015",
publisher="IISH Dataverse",
url="http://hdl.handle.net/10622/HOPFWK"
}

