@Misc{Verriet2015,
author="Verriet, John
and Bosch, Reinoud",
title="Long-Term Government Bond Yield",
year="2015",
publisher="IISH Dataverse",
url="http://hdl.handle.net/10622/CYRM1P"
}

