@Misc{Rijpma2017,
author="Auke Rijpma",
title="Composite measure of wellbeing",
year="2017",
publisher="IISH Dataverse",
url="http://hdl.handle.net/10622/QIPFQF"
}

