@Misc{KleinGoldewijk2015,
author="Klein Goldewijk, Kees
and Fink-Jensen, Jonathan",
title="Aluminium Production",
year="2015",
publisher="IISH Dataverse",
url="http://hdl.handle.net/10622/XNGK4X"
}

@Misc{KleinGoldewijk2015,
author="Klein Goldewijk, Kees
and Fink-Jensen, Jonathan",
title="Aluminium Production",
year="2015",
publisher="IISH Dataverse",
url="http://hdl.handle.net/10622/XNGK4X"
}

