@Misc{KleinGoldewijk2015,
author="Klein Goldewijk, Kees",
title="Total Number of Goats",
year="2015",
publisher="IISH Dataverse",
url="http://hdl.handle.net/10622/NKAQPL"
}

